@article{Mceliece1978A,
  title={A Public-Key Cryptosystem Based on Algebraic Coding Theory},
  author={Mceliece, R. J.},
  journal={Deep Space Network Progress Report},
  year={1978},
  volume={44},
  pages={114-116},
}
@article{Loidreau2001Weak,
	title={Weak keys in the McEliece public-key cryptosystem},
	author={Loidreau, Pierre and Sendrier, Nicolas},
	journal={IEEE Transactions on Information Theory},	
	year={2001},
	volume={47},
	number={3},
	pages={1207-1211},
}
@article{Baldi2011EnhancedPK,
	title={Enhanced Public Key Security for the McEliece Cryptosystem},
	author={Marco Baldi and Marco Bianchi and Franco Chiaraluce and Joachim Rosenthal and Davide Schipani},
	journal={Journal of Cryptology},
	year={2011},
	volume={29},
	pages={1-27}
}
@article{Shor1994Algorithms,
	title={Algorithms for quantum computation: discrete logarithms and factoring},
	author={Shor, P. W},
	journal={Proceedings of Annual Symposium on the Foundations of Computer Science IEEE Computer Society Press Los Alamitos Ca},
	year={1994},
	pages={124-134},
}
@inproceedings{Grover1996Fast,
	title={Fast quantum mechanical algorithm for database search},
	author={Grover, Lov K.},
	booktitle={Twenty-eighth Acm Symposium on Theory of Computing},
	year={1996},
	pages={3-7},
}
@article{Berlekamp1978On,
	title={On the inherent intractability of certain coding problems},
	author={Berlekamp, Elwyn R. and Mceliece, Robert J. and Tilborg, Henk C. A. Van},
	journal={IEEE Trans.inf.theory},
	year={1978},
	volume={24},
	number={3},
	pages={384-386},
}
@article{Engelbert2007A,
	title={A Summary of McEliece-Type Cryptosystems and their Security},
	author={Engelbert, D.},
	journal={JMC},
	year={2007},
	volume={1},
	number={2},
	pages={151-199},
}
@article{Niederreiter1986Knapsack,
	title={Knapsack-type cryptosystems and algebraic coding theory.},
	author={Niederreiter, H},
	journal={Prob.control \& Inf.theory},
	year={1986},
	volume={15},
	number={2},
	pages={159-166},	
}
@article{Couvreur2013Distinguisher,
	title={Distinguisher-Based Attacks on Public-Key Cryptosystems Using Reed-Solomon Codes},
	author={Couvreur, Alain and Gaborit, Philippe and Gauthier-Umaña, Valérie and Otmani, Ayoub and Tillich, Jean Pierre},
	year={2013},
}
@article{Beelen2018StructuralPO,
	title={Structural Properties of Twisted Reed-Solomon Codes with Applications to Cryptography},
	author={Peter Beelen and Martin Bossert and Sven Puchinger and Johan Rosenkilde},
	journal={2018 IEEE International Symposium on Information Theory (ISIT)},
	year={2018},
	pages={946-950}
}
@article{Lavauzelle2019CryptanalysisOA,
	title={Cryptanalysis of a System Based on Twisted Reed - Solomon Codes},
	author={Julien Lavauzelle and Julian Renner},
	journal={IACR Cryptology ePrint Archive},
	year={2019},
	volume={2019},
	pages={432}
}
@article{Loidreau2017A,
	title={A New Rank Metric Codes Based Encryption Scheme},
	author={Loidreau, Pierre},
	year={2017},
}
@article{Coggia2019OnTS,
	title={On the security of a Loidreau's rank metric code based encryption scheme},
	author={Daniel Coggia and Alain Couvreur},
	journal={ArXiv},
	year={2019},
	volume={abs/1903.02933}
}
@article{Sidel1994Open,
	title={Open coding based on Reed-Muller binary codes},
	author={Sidelʹnikov, V. M},
	journal={Diskr Mat},
	year={1994},
	number={2},
	pages={3\&ndash;20},
}
@article{Courtois2001How,
	title={How to Achieve a McEliece-Based Digital Signature Scheme},
	author={Courtois, Nicolas T. and Finiasz, Matthieu and Sendrier, Nicolas},
	journal={Asiacrypt},
	year={2001},
	volume={2248},
	pages={157-174},
}
@inproceedings{Baldi2007Cryptanalysis,
	title={Cryptanalysis of a new instance of McEliece cryptosystem based on QC-LDPC Codes},
	author={Baldi, Marco and Chiaraluce, Franco},
	journal={IEEE International Symposium on Information Theory - Proceedings},
	year={2007},
	pages={2591-2595},
}
@inproceedings{Baldi2008A,
	title={A New Analysis of the McEliece Cryptosystem Based on QC-LDPC Codes},
	author={Baldi, Marco and Bodrato, Marco and Chiaraluce, Franco},
	booktitle={Security and Cryptography for Networks},
	year={2008},
	pages={246-262},
}
@inproceedings{Misoczki2013MDPC,
	title={MDPC-McEliece: New McEliece variants from Moderate Density Parity-Check codes},
	author={Misoczki, R. and Tillich, J. P. and Sendrier, N. and Barreto, P. S. L. M.},
	journal={IEEE International Symposium on Information Theory - Proceedings},
	year={2013},
	pages={2069-2073},
}
@inproceedings{Maurich2016IND,
	title={IND-CCA Secure Hybrid Encryption from QC-MDPC Niederreiter},
	author={Maurich, Ingo Von and Heberle, Lukas and Güneysu, Tim},
	booktitle={Post-Quantum Cryptography},
	year={2016},
	pages={1-17}
}
@book{Couvreur2015A,
	title={A Polynomial-Time Attack on the BBCRS Scheme},
	author={Couvreur, Alain and Otmani, Ayoub and Tillich, Jean Pierre and Gauthier–Umaña, Valérie},
	booktitle={Public-Key Cryptography -- PKC 2015},	
	year={2015},
	pages={175–193}
}
@article{冯贵良1983Goppa,
	title={Goppa码的最小距离下限和维数上限的扩张},
	author={冯贵良},
	journal={电子学报},	
	year={1983},
	volume={2},
	pages={67-72},
}
@article{Xing2005Goppa,
	title={Goppa geometric codes achieving the Gilbert-Varshamov bound},
	author={Xing, Chaoping},
	journal={IEEE Transactions on Information Theory},
	year={2005},
	volume={51},
	number={1},
	pages={259-264},
}
@inproceedings{Garcia1992Goppa,
	title={Goppa codes and Weierstrass gaps},
	author={Garcia, Arnaldo and Lax, R. F.},
	booktitle={Coding Theory and Algebraic Geometry},
	year={1992},
	pages={33-42},
}
@article{Barreto2017CAKE,
	title={CAKE: Code-Based Algorithm for Key Encapsulation},
	author={Barreto, Paulo S. L. M. and Gueron, Shay and Güneysu, Tim and Misoczki, Rafael and Persichetti, Edoardo and Sendrier, Nicolas and Tillich, Jean Pierre},
	booktitle={Cryptography and Coding},
	year={2017},
	pages={207-226},
}
@inproceedings{Gaborit2017Identity,
	title={Identity-Based Encryption from Codes with Rank Metric},
	author={Gaborit, Philippe and Hauteville, Adrien and Phan, Duong Hieu and Tillich, Jean Pierre},
	booktitle={Advances in Cryptology -- CRYPTO 2017},
	year={2017},
	pages={194-224},
}
@inproceedings{Heyse2013Smaller,
	title={Smaller Keys for Code-Based Cryptography: QC-MDPC McEliece Implementations on Embedded Devices},
	author={Heyse, Stefan and Maurich, Ingo Von and Güneysu, Tim},
	booktitle={Cryptographic Hardware and Embedded Systems - CHES 2013},
	year={2013},
	pages={273-292},
}
@article{郑东2013密码学综述,
	title={密码学综述},
	author={郑东 and 赵庆兰 and 张应辉},
	journal={西安邮电大学学报},
	year={2013},	
	volume={18},
	number={6},
	pages={1-10},
}
@book{Overbeck2009Code,
	title={Code-based cryptography},
	author={Overbeck, Raphael and Sendrier, Nicolas},
	bookTitle={Post-Quantum Cryptography},
	year={2009},
	pages={95-145},
}
@book{Macwilliams1977The,
	title={The theory of error-correcting codes},
	author={Macwilliams, Florence Jessie and Sloane, Neil James Alexander},
	year={1977},
}
@book{Yuan1994On,
	title={On the equivalence of McEliece's and Niederreiter's public-key cryptosystems},
	author={Yuan, Xing Li and Deng, Robert H. and Wang, Xin Mei},
	journal={IEEE Transactions on Information Theory},
	year={1994},
	volume={18},
	pages={271-273},
}
@article{Karpunin2004On,
	title={On the McEliece public-key cryptosystem based on Reed-Muller binary codes},
	author={Karpunin, G. A},
	journal={Diskr Mat},
	volume={14},
	number={3},
	pages={79–84},
	year={2004},
}
@article{Faug2016Structural,
	title={Structural cryptanalysis of McEliece schemes with compact keys},
	author={Faugère, Jean Charles and Otmani, Ayoub and Perret, Ludovic and Portzamparc, Frédéric De and Tillich, Jean Pierre},
	journal={Designs Codes \& Cryptography},
	volume={79},
	number={1},
	pages={87-112},
	year={2016},
}
@article{Otmani2010Cryptanalysis,
	title={Cryptanalysis of Two McEliece Cryptosystems Based on Quasi-Cyclic Codes},
	author={Otmani, Ayoub and Tillich, Jean Pierre and Dallot, Léonard},
	journal={Mathematics in Computer Science},
	volume={3},
	number={2},
	pages={129-140},
	year={2010},
}
@article{Kobara2003On,
	title={On the one-wayness against chosen-plaintext attacks of the Loidreau's modified McEliece PKC},
	author={Kobara, K and Imai, H},
	journal={Information Theory IEEE Transactions on},
	volume={49},
	number={12},
	pages={3160-3168},
	year={2003},
}
@InProceedings{OnTheMc,
	author={van Tilburg, Johan},
	editor={Goldwasser, Shafi},
	title={On the McEliece Public-Key Cryptosystem},
	booktitle={Advances in Cryptology --- CRYPTO' 88},
	year={1990},
	pages={119-131},
}
@book{2005纠错码的代数理论,
	author={冯克勤},
	title={纠错码的代数理论},
	year={2005},
}
@inproceedings{Wieschebrink2010Cryptanalysis,
	title={Cryptanalysis of the niederreiter public key scheme based on GRS subcodes},
	author={Wieschebrink, Christian},
	booktitle={Post-quantum Cryptography},
	year={2010},
	pages={61-72},
}
@book{Misoczki2009Compact,
	title={Compact McEliece Keys from Goppa Codes},
	author={Misoczki, Rafael and Barreto, Paulo S. L. M.},
	booktitle={Selected Areas in Cryptography},
	year={2009},
	pages={376-392},
}
@inproceedings{Faug2010Algebraic,
	title={Algebraic Cryptanalysis of McEliece Variants with Compact Keys},
	author={Faugère, Jean Charles and Otmani, Ayoub and Perret, Ludovic and Tillich, Jean Pierre},
	booktitle={Advances in Cryptology -- EUROCRYPT 2010},
	year={2010},
	pages={279-298},
}
@article{Faugere2013A,
	title={A Distinguisher for High-Rate McEliece Cryptosystems},
	author={Faugere and J.-C and Gauthier-Umana and Otmani and Perret},
	journal={IEEE Transactions on Information Theory},
	volume={59},
	number={10},
	pages={6830-6844},
	year={2013},
}
@article{Berger2005How,
	title={How to Mask the Structure of Codes for a Cryptographic Use},
	author={Berger, Thierry P. and Loidreau, Pierre},
	journal={Designs Codes \& Cryptography},
	volume={35},
	number={1},
	pages={63-79},
	year={2005},
}
@article{Overbeck2008Structural,
	title={Structural Attacks for Public Key Cryptosystems based on Gabidulin Codes},
	author={Overbeck, R.},
	journal={Journal of Cryptology},
	volume={21},
	number={2},
	pages={280-301},
	year={2008},
}
@article{Gibson1995Severely,
	title={Severely denting the Gabidulin version of the McEliece Public Key Cryptosystem},
	author={Gibson, J. K.},
	journal={Designs Codes \& Cryptography},
	volume={6},
	number={1},
	pages={37-45},
	year={1995},
}
@inproceedings{Gibson1996The,
	title={The security of the Gabidulin public key cryptosystem},
	author={Gibson, Keith},
	booktitle={Advances in Cryptology --- EUROCRYPT '96},
	year={1996},
	pages={212-223}.
}
@article{Gabidulin2001Modified,
	title={Modified GPT PKC with Right Scrambler},
	author={Gabidulin, E. M and Ourivski, A. V},
	journal={Electronic Notes in Discrete Mathematics},
	year={2001},
	volume={6},
	number={04},
	pages={168-177},
}
@article{Gabidulin2003Reducible,
	title={Reducible rank codes and their applications to cryptography},
	author={Gabidulin, E. M and Ourivski, A. V and Honary, B and Ammar, B},
	journal={Information Theory IEEE Transactions on},
	year={2003},
	volume={49},
	number={12},
	pages={3289-3293},	
}
@inproceedings{Berger2004Designing,
	title={Designing an Efficient and Secure Public-Key Cryptosystem Based on Reducible Rank Codes},
	author={Berger, Thierry and Loidreau, Pierre},
	booktitle={International Conference on Progress in Cryptology-indocrypt},
	year={2004},
	volume={3348},
	pages={218-229},
}
@article{李元兴1993关于,
	title={关于Niederreiter代数码公钥密码体制的安全性及参数优化},
	author={李元兴 and 王新梅},
	journal={电子学报},
	year={1993},
	number={7},
	pages={33-36},	
}
@article{Ding2014On,
	title={On List-decodability of Random Rank Metric Codes},
	author={Ding, Yang},
	journal={IEEE Transactions on Information Theory},
	year={2014},
	volume={61},
	number={1},
	pages={51-59},
}
@article{Baldi2013Optimization,
	title={Optimization of the parity-check matrix density in QC-LDPC code-based McEliece cryptosystems},
	author={Baldi, Marco and Bianchi, Marco and Chiaraluce, Franco},
	journal={2013 IEEE International Conference on Communications Workshops, ICC 2013},
	year={2013},
}
@article{Moufek2017A,
	title={A New variant of the McEliece cryptosystem based on the Smith form of convolutional codes},
	author={Moufek, Hamza and Guenda, Kenza},
	journal={Cryptologia},
	year={2017},
	pages={1-13},
}
@inproceedings{Berger2009Reducing,
	title={Reducing Key Length of the McEliece Cryptosystem},
	author={Berger, Thierry P. and Cayrel, Pierre Louis and Gaborit, Philippe and Otmani, Ayoub},
	booktitle={International Conference on Progress in Cryptology-africacrypt},
	year={2009},
	pages={77-97},
}
@inproceedings{Landais2013An,
	title={An Efficient Attack of a McEliece Cryptosystem Variant Based on Convolutional Codes},
	author={Landais, Grégory and Tillich, Jean Pierre},
	booktitle={Post-quantum Cryptography},
	year={2013},
	pages={102-117},
}
@inproceedings{Bernstein2008Attacking,
	title={Attacking and Defending the McEliece Cryptosystem},
	author={Bernstein, Daniel J. and Lange, Tanja and Peters, Christiane},
	booktitle={Post-quantum Cryptography},
	year={2008},
	pages={31-46},
}
@inproceedings{Baldi2017Post,
	title={Post-Quantum Cryptographic Schemes Based on Codes},
	author={Baldi, Marco},
	booktitle={International Conference on High Performance Computing \& Simulation},
	year={2017},
	pages={908-910},
}